4388 5716
803 1352 865 1465 L.
934 1357 987 1464 B.
1055 1359 1100 1467 S.

58 1744 61 1753 Ι
97 1509 335 1728 Operis,
360 1620 479 1729 q'uod'.
501 1620 699 1732 adgreffus
725 1620 844 1718 sum,
872 1604 1038 1707 ratione·
1063 1626 1148 1707 iam·
1174 1622 1221 1703 in:
1238 1628 1461 1730 prooemio·
1480 1623 1708 1733 Voluminis
1734 1635 1813 1734 pri·
1875 1738 1877 1743 ,

95 1832 153 1917 nri
181 1832 300 1929 satis,
330 1848 377 1914 ut
403 1848 536 1937 puto,
563 1830 772 1936 superquee
792 1822 1003 1934 exposita,
1034 1855 1171 1938 eaque·
1195 1833 1319 1930 uiris,
1347 1835 1388 1916 in
1422 1836 1504 1918 hoc
1532 1857 1681 1942 genere
1708 1830 1812 1918 litt'e·

94 2064 233 2122 rarum·
257 2038 519 2146 peritiisrmis,
540 2040 727 2144 mihique·
746 2038 1000 2134 anriciffirnis,¹
1030 2055 1119 2122 tarn
1138 2043 1332 2146 publice,
1362 2068 1479 2150 quarn
1508 2044 1689 2149 privatim
1717 2065 1811 2149 pro·

95 2249 214 2344 bata,
243 2269 328 2329 non
355 2241 444 2343 est,
467 2244 579 2351 quod
606 2245 677 2328 Te·
698 2246 745 2327 in
766 2243 908 2326 lirnine·
927 2242 1178 2346 Voluminis,
1213 2247 1331 2357 quod
1352 2248 1454 2332 Tibi
1476 2196 1588 2335 nune
1613 2250 1810 2349 exhibeo,

94 2453 286 2551 secundi,
316 2456 456 2538 multis·
479 2448 688 2537 detineam.
762 2450 883 2532 Viam
913 2452 1026 2532 enirn·
1050 2475 1174 2556 quarn
1195 2453 1392 2564 ingreffi1s³
1411 2456 1519 2556 surn,
1553 2457 1733 2556 strenue,
1770 2478 1813 2545 et

94 2686 178 2768 qua
212 2657 302 2744 fieri
331 2663 474 2767 potuit.
503 2655 865 2764 circumspeeti'one
894 2654 1240 2766 sollicitudineque
1251 2718 1270 2758 ,-
1301 2663 1347 2742 in·
1376 2664 1463 2745 hoc¹
1487 2686 1651 2768 quoque
1682 2666 1813 2746 Volu-

94 2870 205 2950 mine
234 2837 490 2974 prosecutum
517 2892 591 2951 me·
613 2861 723 2966 effe,
754 2867 922 2970 quilibet
958 2890 1117 2970 aequus:
1146 2804 1284 2949 rerunt:
1314 2865 1535 2950 aestimator
1572 2832 1691 2952 facile
1719 2895 1810 2975 per·

93 3076 251 3182 spiciet.
311 3073 358 3157 ld
394 3076 580 3155 nirnirurn·
612 3072 706 3155 mihi
741 3070 895 3175 semper
935 3085 1062 3153 curae·
1092 3074 1291 3178 cordique
1323 3073 1428 3171 fuit,
1459 3093 1512 3200 ’et‘
1540 3077 1580 3156 in
1608 3072 1811 3180 posterum

95 3285 218 3365 etiam
256 3283 352 3376 erit,
389 3280 602 3385 nequid,
640 3277 757 3385 quod'
785 3280 827 3360 in·
862 3277 1069 3360 annalibus
1104 3276 1231 3360 seculi⁴
1263 3268 1548 3387 typographici'
1574 3282 1688 3387 primi
1725 3281 1813 3362 iure

95 3487 310 3573 deriderari
337 3482 494 3593 potest,
519 3488 558 3567 in
583 3486 671 3569 hoc
693 3509 825 3591 opere·
850 3486 967 3594 meo,
995 3508 1084 3567 nrea
1103 3485 1426 3590 quidemculpa,
1449 3486 1569 3570 defit,
1621 3490 1811 3571 Attamen

93 3698 167 3777 vix
196 3718 242 3776 ac
270 3719 322 3776 ne
350 3695 418 3775 vix
442 3691 608 3798 quidem-
633 3689 719 3775 fieri
744 3688 885 3797 poffe,¹
917 3707 964 3770 ut
999 3693 1118 3771 unius
1153 3695 1226 3773 viri
1264 3691 1448 3798 quamvis·
1476 3689 1665 3776 indefessa
1693 3715 1814 3790 cura,

95 3908 154 3985 ita
183 3904 315 3984 omnia
344 3903 642 3997 exhauriantur,
685 3915 738 3980 ut
761 3922 870 4003 opus·
893 3897 1094 3981 eiusmodi·
1126 3921 1176 3978 ex
1206 3899 1320 3978 onrni'
1343 3915 1460 4003 parte·
1484 3895 1706 3998 perfeetum
1735 3895 1812 3978 dici

96 4126 243 4214 queat,
282 4110 412 4212 probe
447 4108 639 4212 intelligo,
681 4103 816 4186 Multa
855 4107 959 4186 enirn
994 4102 1043 4185 ad
1077 4103 1293 4212 primordia
1328 4106 1419 4186 artis
1453 4102 1597 4198 huius,
1634 4103 1811 4184 omniun
1915 4101 1921 4114 ‘

96 4313 295 4396 consensu
322 4313 663 4418 praeclariffirnae,
689 4309 925 4416 speuanna,
956 4313 1088 4394 adhuc
1111 4313 1256 4406 latere,
1286 4308 1552 4412 experientia,
1581 4329 1710 4412 eaque
1738 4329 1813 4389 no·

96 4516 268 4621 uiffirna,
305 4523 359 4607 ita
387 4516 554 4604 edotius
582 4518 690 4616 sum,
718 4535 769 4599 ut
792 4520 871 4599 iam·
897 4520 1010 4626 plura
1037 4542 1122 4598 non
1151 4514 1472 4612 contemnenda,
1506 4536 1609 4620 quae
1644 4514 1740 4598 dum
1773 4516 1813 4599 in
1931 4582 1933 4587 .

97 4751 227 4835 opere
266 4724 523 4813 conficiendo
558 4743 781 4833 occupatus
819 4718 940 4809 effem
973 4746 1041 4806 nte
1077 4724 1196 4830 plane
1231 4720 1464 4831 fugiebant,
1500 4722 1710 4805 Volumini
1738 4723 1817 4828 pri·

1662 4950 1755 5023 m0,
